<?xml version="1.0" encoding="UTF-8"?><collection xmlns="http://www.loc.gov/MARC21/slim"><record><leader>00488nam--2200181-i-4500</leader><controlfield tag="001">000025661</controlfield><controlfield tag="002">20161230</controlfield><controlfield tag="005">20161230201036</controlfield><controlfield tag="008">060222s1000------------r-----000-0-eng-d</controlfield><datafield ind1=" " ind2=" " tag="040"><subfield code="a">IFIN-HH</subfield></datafield><datafield ind1=" " ind2=" " tag="080"><subfield code="a">535.338.41</subfield></datafield><datafield ind1="1" ind2=" " tag="100"><subfield code="a">Johnson, R.C</subfield></datafield><datafield ind1="1" ind2="0" tag="245"><subfield code="a">Atomic spectra</subfield><subfield code="c">R.c. johnson</subfield></datafield><datafield ind1=" " ind2=" " tag="260"><subfield code="a">New York</subfield><subfield code="b">John Wiley &amp; Sons, Inc</subfield></datafield><datafield ind1=" " ind2=" " tag="300"><subfield code="a">VIII+120P. CU 38 DIAGR</subfield></datafield><datafield ind1=" " ind2=" " tag="490"><subfield code="a">Methuen`S Monographs Of Physical Subjects</subfield></datafield><datafield ind1=" " ind2=" " tag="852"><subfield code="a">10890</subfield><subfield code="c">535.33</subfield></datafield><datafield ind1=" " ind2=" " tag="CAT"><subfield code="a">Sys</subfield><subfield code="c">20101202</subfield><subfield code="h">084921</subfield></datafield></record></collection>